<?xml version="1.0" encoding="UTF-8"?><collection xmlns="http://www.loc.gov/MARC21/slim"><record><leader>00579nam--2200217-u-4500</leader><controlfield tag="001">000050447</controlfield><controlfield tag="002">20161230</controlfield><controlfield tag="003">81839</controlfield><controlfield tag="005">20161230201048</controlfield><controlfield tag="008">070322s1000------------r-----000-0-eng-d</controlfield><datafield ind1=" " ind2=" " tag="020"><subfield code="a">3-540-24316-X</subfield></datafield><datafield ind1=" " ind2=" " tag="040"><subfield code="a">IFIN-HH</subfield></datafield><datafield ind1=" " ind2=" " tag="041"><subfield code="a">eng</subfield></datafield><datafield ind1="1" ind2=" " tag="100"><subfield code="a">Efstahiou,Konstantinos</subfield></datafield><datafield ind1="1" ind2="0" tag="245"><subfield code="a">Metamorphoses of hamiltonian Systems with Symmetries</subfield></datafield><datafield ind1=" " ind2=" " tag="260"><subfield code="a">Berlin</subfield><subfield code="b">Springer-Verlag</subfield><subfield code="c">2005</subfield></datafield><datafield ind1=" " ind2=" " tag="300"><subfield code="a">149 p</subfield></datafield><datafield ind1=" " ind2=" " tag="490"><subfield code="a">Lectures Notes in Mathematics</subfield><subfield code="v">Vol.1864</subfield></datafield><datafield ind1=" " ind2="4" tag="650"><subfield code="a">Four Hamiltonian Systems</subfield></datafield><datafield ind1=" " ind2=" " tag="852"><subfield code="a">81839</subfield><subfield code="c">531</subfield></datafield><datafield ind1=" " ind2=" " tag="CAT"><subfield code="a">Sys</subfield><subfield code="c">20100511</subfield><subfield code="h">094354</subfield></datafield></record></collection>